% Encoding: UTF-8
@inproceedings{ajkunic2012comparison,
  title={A comparison of five parallel programming models for c++},
  author={Ajkunic, Ensar and Fatkic, Hana and Omerovic, Emina and Talic, Kristina and Nosovic, Novica},
  booktitle={2012 Proceedings of the 35th International Convention MIPRO},
  pages={1780--1784},
  year={2012},
  organization={IEEE}
}

@INPROCEEDINGS{7965120,
  author={Salehian, Solmaz and Jiawen Liu and Yonghong Yan},
  booktitle={2017 IEEE International Parallel and Distributed Processing Symposium Workshops (IPDPSW)}, 
  title={Comparison of Threading Programming Models}, 
  year={2017},
  volume={},
  number={},
  pages={766-774},
  doi={10.1109/IPDPSW.2017.141}
}

@phdthesis{pusapaty2022combining,
  title={Combining Task Parallelism and Multithreaded Concurrency},
  author={Pusapaty, Sai Sameer},
  year={2022},
  school={Massachusetts Institute of Technology}
}